<collection xmlns="http://www.loc.gov/MARC21/slim">
<record>
  <leader>00914nam0a22001931i 450 </leader>
  <controlfield tag="001">IT\ICCU\CNCE\053128</controlfield>
  <controlfield tag="005">20020924000000.0</controlfield>
  <datafield tag="012" ind1=" " ind2=" ">
    <subfield code="a">espo r-,&amp; t,i- s-r- (C) 1562 (R)</subfield>
    <subfield code="2">fei</subfield>
  </datafield>
  <datafield tag="100" ind1=" " ind2=" ">
    <subfield code="a">20020919d1562        0itac0103    ba</subfield>
  </datafield>
  <datafield tag="101" ind1=" " ind2=" ">
    <subfield code="a">LAT</subfield>
  </datafield>
  <datafield tag="102" ind1=" " ind2=" ">
    <subfield code="a">IT</subfield>
  </datafield>
  <datafield tag="200" ind1="1" ind2=" ">
    <subfield code="a">Constitutio ad remouendos abusus, et ordinatio ad cleri vitam reformandam per reuerendissimum in Christo patrem &amp; dominum d. Laurentium Campegium tituli Sanctae Anastasiae s.r.e. presbiterum cardinalem, &amp; ad Germaniam &amp;c. de latere legatum, anno domini 1524. Ratisbonae edita</subfield>
  </datafield>
  <datafield tag="210" ind1=" " ind2=" ">
    <subfield code="a">Ripae</subfield>
    <subfield code="d">1562</subfield>
  </datafield>
  <datafield tag="215" ind1=" " ind2=" ">
    <subfield code="a">?8? c.</subfield>
    <subfield code="d">4?</subfield>
  </datafield>
  <datafield tag="300" ind1=" " ind2=" ">
    <subfield code="a">ANNULLATA !!!!! E&apos; la 8825((Il v. dell&apos;ultima c. e bianco. - Segn.: A8</subfield>
  </datafield>
  <datafield tag="700" ind1=" " ind2="1">
    <subfield code="a">Campeggi,</subfield>
    <subfield code="b">Lorenzo</subfield>
    <subfield code="c"> &lt;1474-1539&gt;</subfield>
    <subfield code="3">IT\ICCU\CNCA\002475</subfield>
  </datafield>
  <datafield tag="801" ind1=" " ind2="3">
    <subfield code="a">IT</subfield>
    <subfield code="b">ICCU</subfield>
    <subfield code="c">20201115</subfield>
  </datafield>
  <datafield tag="899" ind1=" " ind2=" ">
    <subfield code="a">Biblioteca universitaria. Bologna</subfield>
    <subfield code="1">BO0098</subfield>
    <subfield code="2">UBO BU</subfield>
  </datafield>
  <datafield tag="899" ind1=" " ind2=" ">
    <subfield code="a">Biblioteca universitaria Alessandrina. Roma</subfield>
    <subfield code="1">RM0280</subfield>
    <subfield code="2">RML 01</subfield>
  </datafield>
</record>
</collection>
